<record><leader>00000cas a2200000Ma 4500</leader><controlfield tag="001">10944510</controlfield><controlfield tag="008">840713d18631868aludr ne      0    0eng d</controlfield><datafield ind1=" " ind2=" " tag="010"><subfield code="a">sn 84023571 </subfield></datafield><datafield ind1=" " ind2=" " tag="040"><subfield code="a">AQM</subfield><subfield code="b">eng</subfield><subfield code="c">AQM</subfield><subfield code="d">OCLCG</subfield><subfield code="d">OCLCQ</subfield></datafield><datafield ind1="0" ind2=" " tag="130"><subfield code="a">State sentinel (Selma, Ala.)</subfield></datafield><datafield ind1="1" ind2="0" tag="245"><subfield code="a">State sentinel.</subfield></datafield><datafield ind1="1" ind2="3" tag="246"><subfield code="a">Daily state sentinel</subfield></datafield><datafield ind1=" " ind2=" " tag="260"><subfield code="a">[Montgomery, Ala.] :</subfield><subfield code="b">John Hardy</subfield></datafield><datafield ind1=" " ind2=" " tag="300"><subfield code="a">v.</subfield></datafield><datafield ind1=" " ind2=" " tag="310"><subfield code="a">Daily</subfield></datafield><datafield ind1="1" ind2=" " tag="362"><subfield code="a">Began in 1863.</subfield><subfield code="z">Cf. Amer. newspapers, 1821-1936.</subfield></datafield><datafield ind1="1" ind2=" " tag="362"><subfield code="a">Ceased in 1868?</subfield><subfield code="z">Cf. Memorial record of Ala., 1893.</subfield></datafield><datafield ind1=" " ind2=" " tag="500"><subfield code="a">Editor: M.P. Blue, &lt;1867&gt;.</subfield></datafield><datafield ind1=" " ind2=" " tag="500"><subfield code="a">Published at Selma, Ala., 1863-1867; Montgomery, Ala., 1867-1868.</subfield></datafield><datafield ind1=" " ind2=" " tag="500"><subfield code="a">Place of publication recorded in Gregory, W. Amer. newspapers.</subfield></datafield><datafield ind1=" " ind2=" " tag="588"><subfield code="a">Description based on: Extra, Dec. 5, 1867.</subfield></datafield><datafield ind1=" " ind2="7" tag="655"><subfield code="a">Newspapers.</subfield><subfield code="2">rbgenr</subfield></datafield><datafield ind1="1" ind2=" " tag="700"><subfield code="a">Blue, M. P.</subfield><subfield code="q">(Matthew Powers),</subfield><subfield code="d">1824-1884.</subfield></datafield><datafield ind1=" " ind2=" " tag="752"><subfield code="a">United States</subfield><subfield code="b">Alabama</subfield><subfield code="c">Montgomery</subfield><subfield code="d">Montgomery.</subfield></datafield><datafield ind1=" " ind2=" " tag="752"><subfield code="a">United States</subfield><subfield code="b">Alabama</subfield><subfield code="c">Dallas</subfield><subfield code="d">Selma.</subfield></datafield></record>